<?xml version="1.0" encoding="UTF-8"?><collection xmlns="http://www.loc.gov/MARC21/slim"><record><leader>00469nam--2200157-u-4500</leader><controlfield tag="001">000056348</controlfield><controlfield tag="002">20161230</controlfield><controlfield tag="005">20161230201052</controlfield><controlfield tag="008">150727s1000------------r-----000-0-eng-d</controlfield><datafield ind1=" " ind2=" " tag="040"><subfield code="a">IFIN-HH</subfield></datafield><datafield ind1="1" ind2=" " tag="100"><subfield code="a">Arghirescu, M</subfield></datafield><datafield ind1="1" ind2="0" tag="245"><subfield code="a">The cold genesis of matter and fields. a pro-quantum theory of primordial matter</subfield><subfield code="c">Marius arghirescu</subfield></datafield><datafield ind1=" " ind2=" " tag="260"><subfield code="a">New York</subfield><subfield code="b">Sceince Publishing Group</subfield><subfield code="c">2015</subfield></datafield><datafield ind1=" " ind2=" " tag="300"><subfield code="a">VII+209P</subfield></datafield><datafield ind1=" " ind2=" " tag="852"><subfield code="a">82425</subfield><subfield code="c">530.14</subfield></datafield><datafield ind1=" " ind2=" " tag="CAT"><subfield code="a">Sys</subfield><subfield code="c">20150728</subfield><subfield code="h">121628</subfield></datafield></record></collection>